@misc{ai_tagging,
  author       = {Michael Andrews},
  title        = {{AI-based auto-tagging of content: what you need to know}},
  howpublished = {จากเว็บไซต์ \url{https://kontent.ai/blog/ai-based-auto-tagging-of-content-what-you-need-to-know/}},
  year         = {2022},
  note         = {[ออนไลน์; วันที่สืบค้น 6 กันยายน 2022]}
}

@misc{api,
  author       = {AWS},
  title        = {{\textthai{RESTful API คืออะไร}}},
  howpublished = {จากเว็บไซต์ \url{https://aws.amazon.com/th/what-is/restful-api/}},
  year         = {2022},
  note         = {[ออนไลน์; วันที่สืบค้น 6 กันยายน 2022]}
}

@misc{aws,
  author       = {AWS},
  title        = {{Amazon Comprehend}},
  howpublished = {จากเว็บไซต์ \url{https://aws.amazon.com/th/comprehend/}},
  year         = {2022},
  note         = {[ออนไลน์; วันที่สืบค้น 6 กันยายน 2022]}
}

@misc{beautifulsoup,
  author       = {Sonny},
  title        = {{\textthai{Web Scraping (Python) ด้วย beautifulsoup และ requests}}},
  howpublished = {จากเว็บไซต์ \url{https://stackpython.co/tutorial/web-scraping-python-beautifulsoup-requests}},
  year         = {2020},
  note         = {[ออนไลน์; วันที่สืบค้น 6 กันยายน 2022]}
}

@misc{clickup,
  author       = {Cartoon Tanaporn},
  title        = {{\textthai{ไม่ใช้ไม่ได้แล้ว! ทำไม ClickUp ถึงเหมาะเป็นตัวช่วยในการ Work From Home ในองค์กรของคุณ}}},
  howpublished = {จากเว็บไซต์ \url{https://thegrowthmaster.com/blog/clickup-work-from-home}},
  year         = {2020},
  note         = {[ออนไลน์; วันที่สืบค้น 6 กันยายน 2022]}
}

@misc{cloud_build,
  author       = {Peem Srinikorn},
  title        = {{\textthai{ส่ง Docker image ขึ้น Google Container Registry (GCR)}}},
  howpublished = {จากเว็บไซต์ \url{https://cloud-ace.co.th/blogs/w0w7e1-ci-cd-services-google-cloud/}},
  year         = {2020},
  note         = {[ออนไลน์; วันที่สืบค้น 13 พฤศจิกายน 2022]}
}

@misc{cloud_run,
  author       = {NUUNEOI},
  title        = {{\textthai{Cloud Run คืออะไร}}},
  howpublished = {จากเว็บไซต์ \url{https://nuuneoi.com/blog/blog.php?read_id=973/}},
  year         = {2019},
  note         = {[ออนไลน์; วันที่สืบค้น 13 พฤศจิกายน 2022]}
}

@misc{colab,
  author       = {Hardwarelibre},
  title        = {{\textthai{Google Collab หรือ Google Colaboratory: มันคืออะไร}}},
  howpublished = {จากเว็บไซต์ \url{https://www.hwlibre.com/th/google-colaboratory/}},
  year         = {2022},
  note         = {[ออนไลน์; วันที่สืบค้น 11 พฤศจิกายน 2022]}
}

@book{data_sci,
  author    = {\textthai{ไกรศักดิ์ เกษร}},
  title     = {\textthai{วิทยาศาสตร์ข้อมูล(Data Science)}},
  publisher = {\textthai{ภาควิชาวิทยาการคอมพิวเตอร์และเทคโนโลยีสารสนเทศ คณะวิทยาศาสตร์มหาวิทยาลัยนเรศวร}},
  year      = 2021,
  note      = {p.352}
}

@misc{discord,
  author       = {I Plan Digital Agency},
  title        = {{\textthai{Discord คืออะไร? ต่างจากแพลตฟอร์มแชตอื่น ๆ อย่างไร?}}},
  howpublished = {จากเว็บไซต์ \url{https://www.iplandigital.co.th/collaborative-apps/what-is-discord/}},
  year         = {2022},
  note         = {[ออนไลน์; วันที่สืบค้น 6 กันยายน 2022]}
}

@misc{docker,
  author       = {AWS},
  title        = {{\textthai{GitHub คืออะไร}}},
  howpublished = {จากเว็บไซต์ \url{https://aws.amazon.com/th/docker/}},
  year         = {2021},
  note         = {[ออนไลน์; วันที่สืบค้น 13 พฤศจิกายน 2022]}
}

@misc{figma,
  author       = {Patchara Boonmathanaruk},
  title        = {{\textthai{Figma คืออะไร? ทำไมถึงเป็น Tool มาแรงที่สุดในวงการ Design!}}},
  howpublished = {จากเว็บไซต์ \url{https://blog.skooldio.com/figma-ui-design-tool/}},
  year         = {2022},
  note         = {[ออนไลน์; วันที่สืบค้น 11 พฤศจิกายน 2022]}
}

@misc{gcp,
  author       = {BERYL8},
  title        = {{\textthai{เหตุผลที่หลายๆ ธุรกิจเลือกใช้ GCP (Google Cloud Platform) เพื่อเพิ่มประสิทธิภาพในการทำงาน}}},
  howpublished = {จากเว็บไซต์ \href{https://www.beryl8.com/th/newsroom/insights/102/เหตุผลที่หลายๆ-ธุรกิจเลือกใช้-gcp-google-cloud-platform-เพื่อเพิ่มประสิทธิภาพในการทำงาน}
                  {\textthai{https://www.beryl8.com/th/newsroom/insights/102/เหตุผลที่หลายๆ-ธุรกิจเลือกใช้-gcp-google-cloud-platform-เพื่อเพิ่มประสิทธิภาพในการทำงาน}}},
  year         = {2019},
  note         = {[ออนไลน์; วันที่สืบค้น 11 พฤศจิกายน 2022]}
}

@misc{gcr,
  author       = {Sirawit},
  title        = {{\textthai{ส่ง Docker image ขึ้น Google Container Registry (GCR)}}},
  howpublished = {จากเว็บไซต์ \href{https://medium.com/@sirawit/ส่ง-docker-image-ขึ้น-google-container-registry-gcr-92a46868a341/}
                  {\textthai{https://medium.com/@sirawit/ส่ง-docker-image-ขึ้น-google-container-registry-gcr-92a46868a341/}}},
  year         = {2018},
  note         = {[ออนไลน์; วันที่สืบค้น 13 พฤศจิกายน 2022]}
}

@misc{gg_tran,
  author       = {MdsiGlobal},
  title        = {{\textthai{Google Translate คืออะไร}}},
  howpublished = {จากเว็บไซต์ \url{https://www.mdsiglobal.com/google-translate/}},
  year         = {2019},
  note         = {[ออนไลน์; วันที่สืบค้น 13 พฤศจิกายน 2022]}
}

@misc{gin,
  author       = {Piirapol Pajharawat},
  title        = {{\textthai{GIN 101: สร้าง Web Service บน Golang}}},
  howpublished = {จากเว็บไซต์ \url{https://medium.com/insightera/gin-101-%E0%B8%AA%E0%B8%A3%E0%B9%89%E0%B8%B2%E0%B8%87-web-service-%E0%B8%9A%E0%B8%99-golang-32f46aadeaa6}},
  year         = {2019},
  note         = {[ออนไลน์; วันที่สืบค้น 11 พฤศจิกายน 2022]}
}

@misc{git,
  author       = {Codebee},
  title        = {{\textthai{Git คืออะไร การใช้งาน Git ฉบับผู้เริ่มต้น}}},
  howpublished = {จากเว็บไซต์ \href{https://www.codebee.co.th/labs/git-คืออะไร-การใช้งาน-git/}{\textthai{https://www.codebee.co.th/labs/git-คืออะไร-การใช้งาน-git/}}},
  year         = {2020},
  note         = {[ออนไลน์; วันที่สืบค้น 13 พฤศจิกายน 2022]}
}

@misc{github,
  author       = {Fern},
  title        = {{\textthai{GitHub คืออะไร}}},
  howpublished = {จากเว็บไซต์ \href{https://wrksoftware.co/th/github-คืออะไร}{\textthai{https://wrksoftware.co/th/github-คืออะไร}}},
  year         = {2021},
  note         = {[ออนไลน์; วันที่สืบค้น 13 พฤศจิกายน 2022]}
}

@misc{go,
  author       = {Skooldio},
  title        = {{\textthai{TECHNOLOGY Golang คืออะไร? ดียังไง? ทำไมคนใช้เยอะ? รวมสิ่งที่ควรรู้เกี่ยวกับ Golang}}},
  howpublished = {จากเว็บไซต์ \url{https://blog.skooldio.com/what-is-golang/}},
  year         = {2021},
  note         = {[ออนไลน์; วันที่สืบค้น 11 พฤศจิกายน 2022]}
}

@misc{gorm,
  author       = {Lungmaker19},
  title        = {{\textthai{การใช้ GORM กับ MySQL}}},
  howpublished = {จากเว็บไซต์ \url{https://www.lungmaker.com/go-programming/gorm/}},
  year         = {2022},
  note         = {[ออนไลน์; วันที่สืบค้น 11 พฤศจิกายน 2022]}
}

@misc{js,
  author       = {Marcuscode},
  title        = {{\textthai{แนะนำภาษา JavaScript}}},
  howpublished = {จากเว็บไซต์ \url{http://marcuscode.com/lang/javascript/introducing-to-javascript}},
  year         = {2020},
  note         = {[ออนไลน์; วันที่สืบค้น 6 กันยายน 2022]}
}

@misc{java,
  author       = {Java},
  title        = {{\textthai{Java คืออะไร จาวา คือภาษาคอมพิวเตอร์ สำหรับเขียนโปรแกรมเชิงวัตถุ}}},
  howpublished = {จากเว็บไซต์ \href{https://www.mindphp.com/คู่มือ/73-คืออะไร/2185-java-คืออะไร.html}{\textthai{https://www.mindphp.com/คู่มือ/73-คืออะไร/2185-java-คืออะไร.html}}},
  year         = {2022},
  note         = {[ออนไลน์; วันที่สืบค้น 6 กันยายน 2022]}
}

@misc{miro,
  author       = {1TOALL COMPANY LIMITED},
  title        = {{MIRO : THE ONLINE COLLABORATIVE WHITEBOARD PLATFORM}},
  howpublished = {จากเว็บไซต์ \url{https://www.1-to-all.com/blog/miro-the-online-collaborativenbspwhiteboard-platform}},
  year         = {2021},
  note         = {[ออนไลน์; วันที่สืบค้น 6 กันยายน 2022]}
}

@inproceedings{news,
  author    = {A. Aongart and K. Soontaree and W. Naphong and K.Thaksina},
  title     = {\textthai{การวิเคราะห์เนื้อหาข่าวภาษาไทยเพื่อติดแท็กอัตโนมัติโดยใช้เทคนิคการสกัดคํา}},
  booktitle = {\textthai{การประชุมวิชาการระดับชาติมหาวิทยาลัยเทคโนโลยีราชมงคลสุวรรณภูมิ ครั้งที่ 1}},
  pages     = {427--434},
  year      = 2011
}

@misc{nlp,
  author       = {SAS},
  title        = {{\textthai{การประมวลผลภาษาธรรมชาติ (Natural language processing)}}},
  howpublished = {จากเว็บไซต์ \url{https://www.sas.com/th_th/insights/analytics/what-is-natural-language-processing-nlp.html}},
  year         = {2022},
  note         = {[ออนไลน์; วันที่สืบค้น 6 กันยายน 2022]}
}

@misc{nltk,
  author       = {Wikipedia},
  title        = {{Natural Language Toolkit}},
  howpublished = {จากเว็บไซต์ \url{https://en.wikipedia.org/wiki/Natural_Language_Toolkit}},
  year         = {2022},
  note         = {[ออนไลน์; วันที่สืบค้น 11 พฤศจิกายน 2022]}
}

@misc{numpy,
  author       = {Developer Team BorntoDev Co., Ltd},
  title        = {{\textthai{NumPy คืออะไร ?}}},
  howpublished = {จากเว็บไซต์ \href{https://www.borntodev.com/2020/04/16/พื้นฐานการใช้-numpy-ใน-python-3/}{\textthai{https://www.borntodev.com/2020/04/16/พื้นฐานการใช้-numpy-ใน-python-3/}}},
  year         = {2022},
  note         = {[ออนไลน์; วันที่สืบค้น 11 พฤศจิกายน 2022]}
}

@misc{nuxt,
  author       = {\textthai{มานพ กองอุ่น}},
  title        = {{\textthai{เริ่มต้นทำ Web Application ด้วย NuxtJS}}},
  howpublished = {จากเว็บไซต์ \url{https://www.programmerthailand.com/tutorial/post/view?id=314}},
  year         = {2019},
  note         = {[ออนไลน์; วันที่สืบค้น 11 พฤศจิกายน 2022]}
}

@misc{pandas,
  author       = {Mindphp.com},
  title        = {{\textthai{Pandas คืออะไร?}}},
  howpublished = {จากเว็บไซต์ \href{https://www.mindphp.com/บทเรียนออนไลน์/83-python/8493-what-is-the-pandas.html}{\textthai{https://www.mindphp.com/บทเรียนออนไลน์/83-python/8493-what-is-the-pandas.html}}},
  year         = {2022},
  note         = {[ออนไลน์; วันที่สืบค้น 11 พฤศจิกายน 2022]}
}

@misc{pantip,
  author       = {MK},
  title        = {{\textthai{Pantip.com จับมือ ม.เกษตร เปิดตัวระบบ Auto Tag ด้วย Machine Learning}}},
  howpublished = {จากเว็บไซต์ \url{https://www.blognone.com/node/79057}},
  year         = {2016},
  note         = {[ออนไลน์; วันที่สืบค้น 11 พฤศจิกายน 2022]}
}

@misc{postgresql,
  author       = {Linux-Console.net},
  title        = {{\textthai{PostgreSQL คืออะไร? PostgreSQL ทำงานอย่างไร}}},
  howpublished = {จากเว็บไซต์ \url{https://th.linux-console.net/?p=1801}},
  year         = {2019},
  note         = {[ออนไลน์; วันที่สืบค้น 11 พฤศจิกายน 2022]}
}

@misc{pubsub,
  author       = {Niw Popkorn},
  title        = {{\textthai{ออกแบบระบบให้คุยข้าม module กันได้ ด้วย Pub/Sub}}},
  howpublished = {จากเว็บไซต์ \url{https://blog.niwpopkorn.com/2020/04/module-pubsub.html}},
  year         = {2020},
  note         = {[ออนไลน์; วันที่สืบค้น 12 พฤศจิกายน 2022]}
}

@misc{pylib,
  author       = {Punna Rirkvaleekul},
  title        = {{\textthai{สิ่งจำเป็นที่สาย Machine Learning ต้องรู้}}},
  howpublished = {จากเว็บไซต์ \href{https://twinsynergy.co.th/สิ่งจำเป็นที่สาย-machine-learning-ต้อง/}{\textthai{https://twinsynergy.co.th/สิ่งจำเป็นที่สาย-machine-learning-ต้อง/}}},
  year         = {2020},
  note         = {[ออนไลน์; วันที่สืบค้น 11 พฤศจิกายน 2022]}
}

@misc{python,
  author       = {AWS},
  title        = {{\textthai{Python คืออะไร}}},
  howpublished = {จากเว็บไซต์ \url{https://aws.amazon.com/th/what-is/python/}},
  year         = {2022},
  note         = {[ออนไลน์; วันที่สืบค้น 6 กันยายน 2022]}
}

@misc{spacy,
  author       = {Top'p Kullawattana},
  title        = {{Introduction NLP with spaCy in Software Engineering}},
  howpublished = {จากเว็บไซต์ \url{https://suttipong-kull.medium.com/introduction-nlp-in-software-engineering-88ff3cd5ca86t}},
  year         = {2019},
  note         = {[ออนไลน์; วันที่สืบค้น 11 พฤศจิกายน 2022]}
}

@misc{tagmean,
  author       = {Orn Smith},
  title        = {{\textthai{แนะนำวิธีใช้ Category และ Tag คืออะไร อันไหนใช้เมื่อไรอย่างไร}}},
  howpublished = {จากเว็บไซต์ \url{https://contentshifu.com/blog/category-vs-tag-best-practices}},
  year         = {2017},
  note         = {[ออนไลน์; วันที่สืบค้น 6 กันยายน 2022]}
}

@misc{tf,
  author       = {CHAKRIT},
  title        = {{\textthai{TF-IDF ทำงานอย่างไร?}}},
  howpublished = {จากเว็บไซต์ \href{https://www.softnix.co.th/2019/05/28/tf-idf-ทำงานยังไง/}{\textthai{https://www.softnix.co.th/2019/05/28/tf-idf-ทำงานยังไง/}}},
  year         = {2019},
  note         = {[ออนไลน์; วันที่สืบค้น 6 กันยายน 2022]}
}

@misc{tfidf,
  author       = {Patipan Prasertsom},
  title        = {{\textthai{สกัดใจความสำคัญของข้อความด้วยเทคนิคการประมวลผลทางภาษาเบื้องต้น: TF-IDF}}},
  howpublished = {จากเว็บไซต์ \url{https://bigdata.go.th/big-data-101/tf-idf-1/}},
  year         = {2020},
  note         = {[ออนไลน์; วันที่สืบค้น 6 กันยายน 2022]}
}

@article{three_model,
  author  = {S. Joni and Y. Vignesh and C. Juan and J. Bernard and J. Soon-Gyo},
  title   = {Machine learning approach to auto-tagging online content for content marketing efficiency: 
             A comparative analysis between methods and content type},
  journal = {Journal of Business Research},
  volume  = 101,
  month   = {Aug},
  pages   = {203--217},
  year    = 2019
}

@misc{vue1,
  author       = {\textthai{พรหมหัฒน์ ไชยเดช}},
  title        = {{\textthai{Vue.JS สร้าง Web Application สุด Wow สู่เส้นทาง Front-End Developer}}},
  howpublished = {จากเว็บไซต์ \url{https://page.futureskill.co/vuejs}},
  year         = {2019},
  note         = {[ออนไลน์; วันที่สืบค้น 11 พฤศจิกายน 2022]}
}

@misc{vue2,
  author       = {Developer Team BorntoDev Co., Ltd},
  title        = {{\textthai{Vue.Js 101 ฉบับมาเร็ว ไปเร็ววว}}},
  howpublished = {จากเว็บไซต์ \url{https://www.borntodev.com/2020/07/14/vue-js-101/}},
  year         = {2020},
  note         = {[ออนไลน์; วันที่สืบค้น 11 พฤศจิกายน 2022]}
}

@misc{word,
  author       = {Patipan Prasertsom},
  title        = {{\textthai{การค้นหาตัวแทนเชิงความหมายของข้อความ: Word2Vec Word Embedding}}},
  howpublished = {จากเว็บไซต์ \url{https://bigdata.go.th/big-data-101/word2vec/}},
  year         = {2021},
  note         = {[ออนไลน์; วันที่สืบค้น 6 กันยายน 2022]}
}

@misc{agile,
  author       = {JobsDB},
  title        = {{\textthai{Agile คืออะไร แนวคิดการทำงานในองค์กรรุ่นใหม่ ดีจริงหรือไม่?}}},
  howpublished = {จากเว็บไซต์ \href{https://th.jobsdb.com/th-th/articles/ความเข้าใจผิดทำงานแบบagile/}{\textthai{https://th.jobsdb.com/th-th/articles/ความเข้าใจผิดทำงานแบบagile/}}},
  year         = {2022},
  note         = {[ออนไลน์; วันที่สืบค้น 6 กันยายน 2022]}
}

@misc{eda,
  author       = {somkiat},
  title        = {{\textthai{Vue.Js 101 ฉบับมาเร็ว ไปเร็ววว 4 รูปแบบของ Event-Driven Architecture ที่ใช้บ่อย ๆ}}},
  howpublished = {จากเว็บไซต์ \url{https://www.somkiat.cc/summary-event-driven-architecture/}},
  year         = {2020},
  note         = {[ออนไลน์; วันที่สืบค้น 1 มิถุนายน 2023]}
}

@misc{di,
  author       = {Nutti Saelor},
  title        = {{\textthai{Dependency Injection คืออะไร}}},
  howpublished = {จากเว็บไซต์ \href{https://medium.com/@leelorz6/dependency-injection-คืออะไร-6a1a8a2996be}{\textthai{https://medium.com/@leelorz6/dependency-injection-คืออะไร-6a1a8a2996be}}},
  year         = {2017},
  note         = {[ออนไลน์; วันที่สืบค้น 1 มิถุนายน 2023]}
}

@misc{ci_cd,
  author       = {Peem Srinikorn},
  title        = {{\textthai{ทำความรู้จักกับ CI/CD services บน Google Cloud}}},
  howpublished = {จากเว็บไซต์ \url{https://cloud-ace.co.th/blogs/w0w7e1-ci-cd-services-google-cloud}},
  year         = {2022},
  note         = {[ออนไลน์; วันที่สืบค้น 1 มิถุนายน 2023]}
}

@misc{k6,
  author       = {iFew},
  title        = {{\textthai{แนะนำ k6 สำหรับทำ Load Testing และ Automation Testing}}},
  howpublished = {จากเว็บไซต์ \href{https://siamchamnankit.co.th/แนะนำ-k6-สำหรับทำ-load-testing-และ-automation-testing-43774a041c6f}{\textthai{https://siamchamnankit.co.th/แนะนำ-k6-สำหรับทำ-load-testing-และ-automation-testing-43774a041c6f}}},
  year         = {2020},
  note         = {[ออนไลน์; วันที่สืบค้น 1 มิถุนายน 2023]}
}

@misc{lighthouse,
  author       = {Panacholn Pongsamrithphol},
  title        = {{\textthai{วัดความเร็ว และปรับปรุงประสิทธิภาพของ Progressive Web App ด้วย Lighthouse}}},
  howpublished = {จากเว็บไซต์ \href{https://engineering.thinknet.co.th/วัดความเร็ว-และปรับปรุงประสิทธิภาพของ-progressive-web-app-ด้วย-lighthouse-8a9aeb39b7b3}{\textthai{https://engineering.thinknet.co.th/วัดความเร็ว-และปรับปรุงประสิทธิภาพของ-progressive-web-app-ด้วย-lighthouse-8a9aeb39b7b3}}},
  year         = {2018},
  note         = {[ออนไลน์; วันที่สืบค้น 1 มิถุนายน 2023]}
}

@misc{web_scraping,
  author       = {\textthai{สถาบันนวัตกรรมและธรรมาภิบาลข้อมูล}},
  title        = {{\textthai{Web Scraping เทคนิคดึงข้อมูลบนเว็บไซต์แบบจัดเต็ม!!}}},
  howpublished = {จากเว็บไซต์ \url{https://digi.data.go.th/blog/what-is-web-scraping/}},
  year         = {2022},
  note         = {[ออนไลน์; วันที่สืบค้น 1 มิถุนายน 2023]}
}
